<?xml version="1.0" encoding="UTF-8"?><record xmlns="http://www.loc.gov/MARC21/slim" xmlns:cinclude="http://apache.org/cocoon/include/1.0" xmlns:zs="http://www.loc.gov/zing/srw/">
  <leader>00631cz  a2200145n  4500</leader>
  <controlfield tag="001">n  88181343 </controlfield>
  <controlfield tag="003">DLC</controlfield>
  <controlfield tag="005">20010703150230.0</controlfield>
  <controlfield tag="008">890606n| acannaab           |a aaa      </controlfield>
  <datafield tag="010" ind1=" " ind2=" ">
    <subfield code="a">n  88181343 </subfield>
  </datafield>
  <datafield tag="040" ind1=" " ind2=" ">
    <subfield code="a">DLC</subfield>
    <subfield code="c">DLC</subfield>
  </datafield>
  <datafield tag="100" ind1="1" ind2="0">
    <subfield code="a">Kolomiĭchenko, O. V.</subfield>
    <subfield code="q">(Oleg Vasilʹevich)</subfield>
  </datafield>
  <datafield tag="400" ind1="1" ind2="0">
    <subfield code="a">Kolomiĭchenko, Oleg Vasilʹevich</subfield>
  </datafield>
  <datafield tag="670" ind1=" " ind2=" ">
    <subfield code="a">Kolesnikov, A.M. Ėkonomika regiona v uslovii︠a︡kh intensifikat︠s︡ii, 1988:</subfield>
    <subfield code="b">t.p. (O. V. Kolomiĭchenko) colophon (Oleg Vasilʹevich Kolomiĭchenko)</subfield>
  </datafield>
  <datafield tag="670" ind1=" " ind2=" ">
    <subfield code="a">Gosudarstvennoe regulirovanie estestvennykh monopoliĭ, 2000:</subfield>
    <subfield code="b">t.p. (kandidata ėkonomicheskikh nauk O.V. Kolomiĭchenko)</subfield>
  </datafield>
</record>